
@article{ruggerone_numbers_2018,
	title = {Numbers and {Biomass} of {Natural}- and {Hatchery}-{Origin} {Pink} {Salmon}, {Chum} {Salmon}, and {Sockeye} {Salmon} in the {North} {Pacific} {Ocean}, 1925-2015},
	volume = {10},
	issn = {19425120},
	url = {http://doi.wiley.com/10.1002/mcf2.10023},
	doi = {10.1002/mcf2.10023},
	abstract = {Numerical abundance and biomass values presented here for Pink Salmon Oncorhynchus gorbuscha, Chum Salmon O. keta, and Sockeye Salmon O. nerka in the North Paciﬁc Ocean span 90 years (1925–2015), representing the most comprehensive compilation of these data to date. In contrast to less populous species of salmon, these species are more abundant now than ever, averaging 665 × 106 adult salmon each year (1.32 × 106 metric tons) during 1990–2015. When immature salmon are included, recent biomass estimates approach 5 × 106 metric tons. Following an initial peak during 1934–1943, abundances were low until the 1977 regime shift beneﬁted each species. During 1990–2015, Pink Salmon dominated adult abundance (67\% of total) and biomass (48\%), followed by Chum Salmon (20\%, 35\%) and Sockeye Salmon (13\%, 17\%). Alaska produced approximately 39\% of all Pink Salmon, 22\% of Chum Salmon, and 69\% of Sockeye Salmon, while Japan and Russia produced most of the remainder. Although production of natural-origin salmon is currently high due to generally favorable ocean conditions in northern regions, approximately 60\% of Chum Salmon, 15\% of Pink Salmon, and 4\% of Sockeye Salmon during 1990–2015 were of hatchery origin. Alaska generated 68\% and 95\% of hatchery Pink Salmon and Sockeye Salmon, respectively, while Japan produced 75\% of hatchery Chum Salmon. Salmon abundance in large areas of Alaska (Prince William Sound and Southeast Alaska), Russia (Sakhalin and Kuril islands), Japan, and South Korea are dominated by hatchery salmon. During 1990–2015, hatchery salmon represented approximately 40\% of the total biomass of adult and immature salmon in the ocean. Density-dependent effects are apparent, and carrying capacity may have been reached in recent decades, but interaction effects between hatchery- and natural-origin salmon are difﬁcult to quantify, in part because these ﬁsh are rarely separated in catch and escapement statistics. The following management changes are recommended: (1) mark or tag hatchery salmon so that they can be identiﬁed after release, (2) estimate hatchery- and natural-origin salmon in catches and escapement, and (3) maintain these statistics in publicly accessible databases.},
	language = {en},
	number = {2},
	urldate = {2018-05-04},
	journal = {Marine and Coastal Fisheries},
	author = {Ruggerone, Gregory T. and Irvine, James R.},
	month = apr,
	year = {2018},
	pages = {152--168},
	file = {Ruggerone and Irvine - 2018 - Numbers and Biomass of Natural- and Hatchery-Origi.pdf:C\:\\Users\\worc\\Zotero\\storage\\CZF5YYYK\\Ruggerone and Irvine - 2018 - Numbers and Biomass of Natural- and Hatchery-Origi.pdf:application/pdf}
}

@article{chasco_competing_2017,
	title = {Competing tradeoffs between increasing marine mammal predation and fisheries harvest of {Chinook} salmon},
	volume = {7},
	issn = {2045-2322},
	url = {http://www.nature.com/articles/s41598-017-14984-8},
	doi = {10.1038/s41598-017-14984-8},
	language = {en},
	number = {1},
	urldate = {2018-05-04},
	journal = {Scientific Reports},
	author = {Chasco, Brandon E. and Kaplan, Isaac C. and Thomas, Austen C. and Acevedo-Gutiérrez, Alejandro and Noren, Dawn P. and Ford, Michael J. and Hanson, M. Bradley and Scordino, Jonathan J. and Jeffries, Steven J. and Marshall, Kristin N. and Shelton, Andrew O. and Matkin, Craig and Burke, Brian J. and Ward, Eric J.},
	month = dec,
	year = {2017},
	file = {Chasco et al. - 2017 - Competing tradeoffs between increasing marine mamm.pdf:C\:\\Users\\worc\\Zotero\\storage\\VGNIJNYL\\Chasco et al. - 2017 - Competing tradeoffs between increasing marine mamm.pdf:application/pdf}
}


@book{hilborn_quantitative_1992,
	title = {Quantitative {Fisheries} {Stock} {Assessment}: {Choice}, {Dynamics} and {Uncertainty}/{Book} and {Disk}},
	isbn = {978-0-412-02271-5},
	shorttitle = {Quantitative {Fisheries} {Stock} {Assessment}},
	language = {en},
	publisher = {Springer Science \& Business Media},
	author = {Hilborn, Ray and Walters, Carl J.},
	year = {1992},
	keywords = {Science / Life Sciences / Biology, Science / Life Sciences / Zoology / General}
}

@misc{noauthor_notitle_nodate,
	url = {http://onlinelibrary.wiley.com.ezproxy.library.ubc.ca/doi/10.1577/T08-181.1/epdf},
	urldate = {2018-03-08},
	file = {:C\:\\Users\\worc\\Zotero\\storage\\WGKGXMBX\\epdf.html:text/html}
}

@article{welch_postpacific_2002,
	title = {{POST}–the {Pacific} {Ocean} salmon tracking project},
	volume = {25},
	issn = {0399-1784},
	url = {http://www.sciencedirect.com/science/article/pii/S0399178402012069},
	doi = {10.1016/S0399-1784(02)01206-9},
	abstract = {For most of history, the ocean has remained nearly opaque to study, and it has been difficult to understand where salmon or other marine animals go or how they use the ocean. This greatly limits the ability of oceanographers and fisheries biologists to improve the management of many marine resources. The technical and scientific basis now exists to track the ocean movements of individual marine fish for months or years at a time. In this article, we review how new technologies might be applied to salmon in particular. Our conclusion is that animals as small as juvenile Pacific salmon can be followed for months to years at sea, and thus over great distances. By identifying the migration pathways for individual salmon and specific populations of Pacific salmon, we can establish their ocean foraging grounds. We outline the approaches and initial results from the Census of Marine Life program pacific ocean salmon tracking (POST). The research program involves two distinct aspects: (1) the development of an acoustic array for tracking the movements of Pacific salmon during their shelf-resident phase of the life history and (2) the use of archival (data storage) tags to measure aspects of their local environment and to delineate their open ocean migration pathways off the shelf. We report on some of the preliminary findings from the first year of the field project using acoustic tags.
Résumé
L'étude de l'océan est récente et il a été difficile de comprendre vers où migraient les saumons et d'autres animaux marins et comment ils « utilisaient » l'océan. Ceci limite notre aptitude à optimiser l'utilisation des ressources marines. La base technique et scientifique existe maintenant pour suivre, durant des mois voire des années les déplacements individuels de poissons dans l'océan. Dans cet article, nous montrerons comment ces nouvelles techniques peuvent être appliquées, en particulier au saumon. Notre conclusion indiquera qu'il est possible d'appliquer cette approche aux juvéniles de saumon du Pacifique et ce à l'échelle du bassin et durant plusieurs années. En identifiant les parcours de migratoires à l'échelle de l'individu et de la population, nous pourrons définir les aires océaniques d'engraissement. Nous mettons également en lumière l'approche et les premiers résultats de pacific ocean salnon tracking (POST), volet du projet Recensement de la vie marine. Ce programme comprend deux aspects : (1) la mise au point d'un procédé acoustique pour suivre les migrations du saumon du Pacifique quand ils résident sur le plateau continental ; (2) l'utilisation de « marques » archivées pour définir l'environnement local et délimiter la migration dans l'océan du large. Enfin, nous présenterons les premières impressions issues d'une première année de mesures de terrain utilisant les marques acoustiques.},
	number = {5},
	urldate = {2018-03-08},
	journal = {Oceanologica Acta},
	author = {Welch, David W. and Boehlert, George W. and Ward, Bruce R.},
	month = sep,
	year = {2002},
	keywords = {Acoustic tags, Archival tags, Biotélémétrie, Biotelemetry, Marques acoustiques, Marques archivées, Migration, Salmon, Saumon},
	pages = {243--253},
	file = {ScienceDirect Full Text PDF:C\:\\Users\\worc\\Zotero\\storage\\NWWX77YG\\Welch et al. - 2002 - POST–the Pacific Ocean salmon tracking project.pdf:application/pdf}
}

@article{weitkamp_marine_2010,
	title = {Marine {Distributions} of {Chinook} {Salmon} from the {West} {Coast} of {North} {America} {Determined} by {Coded} {Wire} {Tag} {Recoveries}},
	volume = {139},
	issn = {0002-8487, 1548-8659},
	url = {http://doi.wiley.com/10.1577/T08-225.1},
	doi = {10.1577/T08-225.1},
	language = {en},
	number = {1},
	urldate = {2018-03-08},
	journal = {Transactions of the American Fisheries Society},
	author = {Weitkamp, Laurie A.},
	month = jan,
	year = {2010},
	pages = {147--170},
	file = {Weitkamp-2011-Transactions_of_the_American_Fisheries_Society.pdf:C\:\\Users\\worc\\Zotero\\storage\\48KM7P3X\\Weitkamp-2011-Transactions_of_the_American_Fisheries_Society.pdf:application/pdf}
}

@article{walter_reappraisal_1997,
	title = {A reappraisal of the ocean migration patterns of {Fraser} {River} sockeye salmon ({Oncorhynchus} nerka) by individual-based modelling},
	volume = {54},
	issn = {0706-652X},
	url = {http://www.nrcresearchpress.com/doi/abs/10.1139/f96-336},
	doi = {10.1139/f96-336},
	abstract = {Although sockeye salmon (Oncorhynchus nerka) spend 1-4 years in the ocean and accumulate 99\% of adult body weight during this period, their migratory patterns in the Northeast Pacific are not yet well understood. A model of ocean migration based on conjecture from limited catch and tagging data has influenced work in sockeye ecology for the past 20 years. To evaluate this model, we constructed a spatially explicit individual-based model that used ocean surface currents and simple behavioural rules to simulate migration patterns for sockeye from the Fraser River system. We explored several modelled behaviours, including random swimming and swimming with a directional bias during some months. The simulations begin at the time when juveniles leave inside coastal waters and end when return migration begins (a few months before river reentry). We determined that simple undirected swimming for most of the ocean phase (except the first 4 months when smolts are near the coast) provided results that challenged the..., Bien que le saumon sockeye (Oncorhynchus nerka) passe de 1 à 4 ans en mer où il acquiert 99\% de son poids corporel d'adulte, son mode de migration dans le nord-est du Pacifique reste encore assez mal connu. Un modèle de migration océanique fondé sur des conjectures établies à partir de données limitées sur les prises et le marquage a influé sur le travail en écologie du saumon sockeye au cours des 20 dernières années. Pour évaluer ce modèle, nous avons construit un modèle explicite spatialement et fondé sur les individus qui fait appel aux courants océaniques de surface et à des règles simples de comportement pour simuler le comportement migratoire du saumon sockeye provenant du bassin du fleuve Fraser. Nous avons exploré plusieurs comportements modélisés, y compris la nage aléatoire et la nage dans une direction préférentielle pendant un certain nombre de mois. Les simulations commencent au moment où les juvéniles quittent les eaux côtières intérieures et se terminent lorsque commence la migration de ret...},
	number = {4},
	urldate = {2018-03-08},
	journal = {Canadian Journal of Fisheries and Aquatic Sciences},
	author = {Walter, E E and Scandol, J P and Healey, M C},
	month = apr,
	year = {1997},
	pages = {847--858},
	file = {NRC Research Press PDF fulltext:C\:\\Users\\worc\\Zotero\\storage\\IIFDWT4C\\Walter et al. - 1997 - A reappraisal of the ocean migration patterns of F.pdf:application/pdf;NRC Research Press Snapshot:C\:\\Users\\worc\\Zotero\\storage\\DPHTU59X\\f96-336.html:text/html}
}

@article{trudel_distribution_2009,
	title = {Distribution and {Migration} of {Juvenile} {Chinook} {Salmon} {Derived} from {Coded} {Wire} {Tag} {Recoveries} along the {Continental} {Shelf} of {Western} {North} {America}},
	volume = {138},
	issn = {0002-8487, 1548-8659},
	url = {http://doi.wiley.com/10.1577/T08-181.1},
	doi = {10.1577/T08-181.1},
	language = {en},
	number = {6},
	urldate = {2018-03-08},
	journal = {Transactions of the American Fisheries Society},
	author = {Trudel, M. and Fisher, J. and Orsi, J. A. and Morris, J. F. T. and Thiess, M. E. and Sweeting, R. M. and Hinton, S. and Fergusson, E. A. and Welch, D. W.},
	month = nov,
	year = {2009},
	pages = {1369--1391},
	file = {Trudel_et_al-2011-Transactions_of_the_American_Fisheries_Society.pdf:C\:\\Users\\worc\\Zotero\\storage\\AZEG65L2\\Trudel_et_al-2011-Transactions_of_the_American_Fisheries_Society.pdf:application/pdf}
}

@article{satterthwaite_comparison_2013,
	title = {A comparison of temporal patterns in the ocean spatial distribution of {California}'s {Central} {Valley} {Chinook} salmon runs},
	volume = {70},
	issn = {0706-652X},
	url = {http://www.nrcresearchpress.com/doi/abs/10.1139/cjfas-2012-0395},
	doi = {10.1139/cjfas-2012-0395},
	abstract = {We developed a broadly applicable method for estimating stock-specific spatial distributions based on patterns in contacts per unit effort determined from data collected in ocean fisheries. The method fully accounts for fishing effort and quantifies uncertainty in total contacts due to sampling error and the effects of annual variability in size-at-age on estimated contacts with sublegal-sized fish. As a case study, we used coded-wire tag recoveries to compare ocean spatial distributions among fish from four return run timings (fall, late-fall, winter, and spring) of Chinook salmon from the Central Valley, California, USA, and explored how distributions varied annually, seasonally, and with fish age in the data-rich fall run. All runs were rarely contacted in ocean fisheries north of Cape Falcon, Oregon (45°46′N). Late-fall and winter run fish appeared relatively restricted to the south compared with fall run fish, corresponding to life history differences and highlighting the ability of spatial managemen..., Nous avons mis au point une méthode applicable à différentes situations pour estimer les répartitions spatiales de stocks à la lumière de la distribution de contacts par unité d'effort déterminée à partir de données recueillies dans les pêches océaniques. La méthode tient intégralement compte de l'effort de pêche et quantifie l'incertitude associée aux contacts totaux découlant de l'erreur d'échantillonnage et les effets de la variabilité annuelle de la taille par âge sur les contacts estimés avec des poissons de taille plus petite que la taille légale. Comme étude de cas, nous avons utilisé les taux de récupération de poissons dotés de micromarques codées pour comparer les répartitions océaniques associées à quatre périodes de migration de retour (automne, fin de l'automne, hiver et printemps) de saumons quinnat de la vallée Centrale, en Californie (États-Unis), et examiné les variations de ces répartitions aux échelles annuelle et saisonnière et selon l'âge des poissons pour la migration automnale, pour...},
	number = {4},
	urldate = {2018-03-08},
	journal = {Canadian Journal of Fisheries and Aquatic Sciences},
	author = {Satterthwaite, William H. and Mohr, Michael S. and O'Farrell, Michael R. and Wells, Brian K.},
	month = jan,
	year = {2013},
	pages = {574--584},
	file = {NRC Research Press PDF fulltext:C\:\\Users\\worc\\Zotero\\storage\\D5MJ262V\\Satterthwaite et al. - 2013 - A comparison of temporal patterns in the ocean spa.pdf:application/pdf;NRC Research Press Snapshot:C\:\\Users\\worc\\Zotero\\storage\\TAK5UFYY\\cjfas-2012-0395.html:text/html}
}

@book{parken_habitat-based_2006,
	title = {Habitat-based methods to estimate escapement goals for data limited {Chinook} salmon stocks in {British} {Columbia}, 2004},
	publisher = {Fisheries and Oceans Canada, Science},
	author = {Parken, Charles K. and McNicol, Richard E. and Irvine, James R.},
	year = {2006},
	file = {234144596.pdf:C\:\\Users\\worc\\Zotero\\storage\\QXV6MX4X\\234144596.pdf:application/pdf}
}

@article{crozier_managing_2004,
	title = {Managing {Atlantic} salmon ( {Salmo} salar {L}.) in the mixed stock environment: challenges and considerations},
	volume = {61},
	issn = {1054-3139},
	shorttitle = {Managing {Atlantic} salmon ( {Salmo} salar {L}.) in the mixed stock environment},
	url = {https://academic.oup.com/icesjms/article/61/8/1344/631701},
	doi = {10.1016/j.icesjms.2004.08.013},
	abstract = {Atlantic salmon, as a result of their population structure and behaviour, are potentially subject to a complex array of fisheries, ranging from those within rivers harvesting single stocks, to distant-water mixed stock fisheries that harvest fish from different countries, stock complexes, and continents. In addition, estuarine and in-river fisheries may catch fish from more than one stock or stock component, where these are present. One of the main challenges in managing salmon across this range of fisheries is to account for the differing status of stocks with respect to safe biological limits, noting that stocks of differing productivity may require different harvest strategies. Also, the existence of sequential harvest in different fisheries provides unique challenges, because decisions in an individual fishery cannot be made in isolation of the impacts of other fisheries on those stocks. We illustrate the uncertainties and complexities involved in managing mixed stocks of salmon, whether in home-waters or in distant-water fisheries, and examples are given to illustrate how science and management are, or should be, developing to face these challenges.},
	language = {en},
	number = {8},
	urldate = {2018-03-08},
	journal = {ICES Journal of Marine Science},
	author = {Crozier, W. W. and Schön, P.-J. and Chaput, G. and Potter, E. C. E. and Maoiléidigh, N. Ó and MacLean, J. C.},
	month = jan,
	year = {2004},
	pages = {1344--1358},
	file = {Full Text PDF:C\:\\Users\\worc\\Zotero\\storage\\Q9F2K5ZC\\Crozier et al. - 2004 - Managing Atlantic salmon ( Salmo salar L.) in the .pdf:application/pdf;Snapshot:C\:\\Users\\worc\\Zotero\\storage\\EMH7CG48\\631701.html:text/html}
}

@article{abrahams_variation_1990,
	title = {Variation in the {Competitive} {Abilities} of {Fishermen} and its {Influence} on the {Spatial} {Distribution} of the {British} {Columbia} {Salmon} {Troll} {Fleet}},
	volume = {47},
	issn = {0706-652X},
	url = {http://www.nrcresearchpress.com/doi/abs/10.1139/f90-129},
	doi = {10.1139/f90-129},
	abstract = {We estimated the catch rates of individual fishing vessels within the British Columbia salmon troll fleet from the data of a 7-yr log book program. Catch rates varied considerably among vessels. A portion of the variation could be attributed to environmental variation. However, there were also significant differences in competitive ability among vessels. The top ranked vessels had a catch rate 3.6 times that of the lowest ranked vessels. Top ranked vessels distributed their fishing effort among more fishing areas than bottom ranked vessels, but were also more successful at catching fish when fishing in the same areas as bottom ranked vessels. This information, through an application of the ideal free distribution theory, can be used to develop a model that will describe the expected relationship between vessel distribution, vessel catch rate, and fish distribution, potentially allowing vessel distributions to be used as a tool for assessing fish stocks., Nous avons évalué les taux de capture de chaque navire de la flotte de pêche à la ligne traînante au saumon en Colombie-Britannique à partir des données recueillies dans le cadre d'un programme de levé de sept ans. Les taux de capture variaient considérablement entre les divers navires. Une partie de ces variations pourrait être attribuée aux variations du milieu. Toutefois, on a également noté d'importantes différences dans la capacité concurrentielle des navires. Le taux de capture des meilleurs navires était 3.6 fois plus élevé que celui des navires en bas de liste. L'effort de pêche des premiers était réparti sur une plus vaste superficie que les seconds et leurs captures étaient également plus importantes lorsqu'ils pêchaient dans les mêmes secteurs. En appliquant la théorie de la distribution libre idéale, ces renseignements peuvent servir à mettre au point un modèle pour décrire le rapport prévu entre la distribution des navires, leurs taux de capture, et la distribution des poissons, et permettre ...},
	number = {6},
	urldate = {2018-03-08},
	journal = {Canadian Journal of Fisheries and Aquatic Sciences},
	author = {Abrahams, M. V. and Healey, M. C.},
	month = jun,
	year = {1990},
	pages = {1116--1121},
	file = {NRC Research Press PDF fulltext:C\:\\Users\\worc\\Zotero\\storage\\PFBYRFGC\\Abrahams and Healey - 1990 - Variation in the Competitive Abilities of Fisherme.pdf:application/pdf;NRC Research Press Snapshot:C\:\\Users\\worc\\Zotero\\storage\\VFVYN5SR\\f90-129.html:text/html}
}

@book{winship_management_2012,
	title = {Management strategy evaluation for {Sacramento} {River} winter {Chinook} salmon. {Report} available at: http:// www.pcouncil.org/wp-content/uploads/ {SRWC}\_MSE\_2012\_02\_28.pdf},
	shorttitle = {Management strategy evaluation for {Sacramento} {River} winter {Chinook} salmon. {Report} available at},
	abstract = {Sacramento River winter Chinook salmon (SRWC) is an endangered stock that is harvested incidentally in ocean fisheries. This stock was first listed as threatened un-},
	author = {Winship, Arliss J. and O’farrell, Michael R. and Mohr, Michael S.},
	year = {2012},
	file = {Citeseer - Full Text PDF:C\:\\Users\\worc\\Zotero\\storage\\RELZ84XU\\Winship et al. - 2012 - Management strategy evaluation for Sacramento Rive.pdf:application/pdf;Citeseer - Snapshot:C\:\\Users\\worc\\Zotero\\storage\\HQS6Y445\\summary.html:text/html}
}

@techreport{carrie_a._holt_indicators_nodate,
	title = {Indicators of {Status} and {Benchmarks} for {Conservation} {Units} in {Canada}'s {Wild} {Salmon} {Policy}},
	url = {http://waves-vagues.dfo-mpo.gc.ca/Library/339096.pdf},
	urldate = {2018-03-08},
	author = {{Carrie A. Holt} and {Alan Cass} and {Blair Holtby} and {Brian Riddell}},
	file = {339096.pdf:C\:\\Users\\worc\\Zotero\\storage\\N88CCIPT\\339096.pdf:application/pdf}
}

@article{holt_distinguishing_2013,
	title = {Distinguishing benchmarks of biological status from management reference points: {A} case study on {Pacific} salmon in {Canada}},
	volume = {40},
	issn = {0376-8929, 1469-4387},
	shorttitle = {Distinguishing benchmarks of biological status from management reference points},
	url = {http://www.journals.cambridge.org/abstract_S0376892913000209},
	doi = {10.1017/S0376892913000209},
	language = {en},
	number = {04},
	urldate = {2018-03-08},
	journal = {Environmental Conservation},
	author = {Holt, Carrie A. and Irvine, James R.},
	month = dec,
	year = {2013},
	pages = {345--355},
	file = {div-class-title-distinguishing-benchmarks-of-biological-status-from-management-reference-points-a-case-study-on-pacific-salmon-in-canada-div.pdf:C\:\\Users\\worc\\Zotero\\storage\\B9EPVISU\\div-class-title-distinguishing-benchmarks-of-biological-status-from-management-reference-points-a-case-study-on-pacific-salmon-in-canada-div.pdf:application/pdf}
}

@article{mcdaniels_using_1995,
	title = {Using {Judgment} in {Resource} {Management}: {A} {Multiple} {Objective} {Analysis} of a {Fisheries} {Management} {Decision}},
	volume = {43},
	issn = {0030-364X},
	shorttitle = {Using {Judgment} in {Resource} {Management}},
	url = {https://pubsonline.informs.org/doi/abs/10.1287/opre.43.3.415},
	doi = {10.1287/opre.43.3.415},
	abstract = {This paper uses multiple objective decision analysis to conduct an ex post analysis of a specific fisheries management decision involving conflicting long-term objectives for mixed stocks. The paper illustrates the potential role of subjective judgment in fisheries and other resource management contexts and the relevance of decision analysis for in-season salmon management. The decision context is first defined in terms of objectives and alternatives, then subjective probability distributions are elicited from experts regarding uncertain biological parameters. A simulation is then used to estimate the consequences of alternative openings, given the biological uncertainties. A utility function is elicited from a fisheries manager and used to select among alternative commercial fishery openings. The results show that objectives other than those typically assumed in fisheries modeling, and subjective judgments by technical experts, can be important for in-season salmon management. The results also show that, in this application, the equivalent of nearly \$8 million in potential benefits are available from delaying the opening of the commercial fishery by a single day.},
	number = {3},
	urldate = {2018-03-08},
	journal = {Operations Research},
	author = {McDaniels, Timothy L.},
	month = jun,
	year = {1995},
	pages = {415--426},
	file = {Snapshot:C\:\\Users\\worc\\Zotero\\storage\\EGLQMJFA\\opre.43.3.html:text/html}
}

@article{bracis_investigation_2012,
	title = {An investigation of the geomagnetic imprinting hypothesis for salmon},
	volume = {21},
	issn = {1365-2419},
	url = {http://onlinelibrary.wiley.com/doi/10.1111/j.1365-2419.2012.00617.x/abstract},
	doi = {10.1111/j.1365-2419.2012.00617.x},
	abstract = {Although evidence indicates that salmon could use geomagnetic cues in their high seas homing migration, the underlying behavioral strategy salmon apply to navigation cues is poorly understood. In one hypothesis, salmon imprint on the magnetic field when entering the ocean as juveniles and use the difference between the local and imprinted fields to navigate home. In this paper we demonstrate that simple behaviors incorporating this cue difference, to approach the isoline matching the imprinted magnetic value and then to follow along the isoline to the river mouth, are sufficient to guide spring Chinook salmon (Oncorhynchus tshawytscha) to the Columbia River. We model homing trajectories of salmon, combining ocean currents and fish swimming behaviors. Although the magnetic field inclination angle is a more robust cue than magnetic field intensity, both are sufficient to direct fish to the river mouth from a wide region of the Northeastern Pacific. The threshold defining the transition between the isoline approach and follow behaviors is the main factor determining successful homing trajectories. Small thresholds are more successful, meaning the approach behavior predominates until the fish is near the isoline intersecting the river mouth. The follow behavior swim heading can compensate for magnetic field changes, and the directed migration start date determines the longitudinal center of successful starting locations. This analysis suggests that salmon from ocean habitats may approach their home river in a narrow migration corridor along a magnetic field isoline.},
	language = {en},
	number = {2-3},
	urldate = {2018-03-08},
	journal = {Fisheries Oceanography},
	author = {Bracis, Chloe and Anderson, James J.},
	month = mar,
	year = {2012},
	keywords = {Chinook, fish, homing, imprint, magnetic, magnetoreception, migration, Onchorhynchus, Pacific, salmon, tshawytscha},
	pages = {170--181},
	file = {Full Text PDF:C\:\\Users\\worc\\Zotero\\storage\\YVH8EIJA\\Bracis and Anderson - 2012 - An investigation of the geomagnetic imprinting hyp.pdf:application/pdf;Snapshot:C\:\\Users\\worc\\Zotero\\storage\\TAKK8YV7\\abstract.html:text/html}
}

@article{byron_salmon_2014,
	title = {Salmon ocean migration models suggest a variety of population-specific strategies},
	volume = {24},
	issn = {0960-3166, 1573-5184},
	url = {https://link-springer-com.ezproxy.library.ubc.ca/article/10.1007/s11160-014-9343-0},
	doi = {10.1007/s11160-014-9343-0},
	abstract = {Many species of salmon around the world migrate to open ocean environments for multiple years and then return to their natal rivers to spawn. How exactly salmon are able to execute these long distance migrations, and the impact of environmental conditions on migration behavior, is not well understood. Individual based modeling is one tool that has been used to explore salmon migration in the ocean. Although models are usually not able to confirm whether a particular behavior is used, they can rule out some behaviors as unrealistic. An extensive review of published literature suggests that there is no universal migration behavior. Behaviors that fish use to navigate depend on where they are in the ocean relative to where they are going, as well as the ocean flows and conditions along the way. Future models of salmon migration should be flexible and at an appropriate scale to capture variable oceanographic conditions and fish responses.},
	language = {en},
	number = {3},
	urldate = {2018-03-08},
	journal = {Reviews in Fish Biology and Fisheries},
	author = {Byron, Carrie J. and Burke, Brian J.},
	month = sep,
	year = {2014},
	pages = {737--756},
	file = {Full Text PDF:C\:\\Users\\worc\\Zotero\\storage\\WCL8DYSQ\\Byron and Burke - 2014 - Salmon ocean migration models suggest a variety of.pdf:application/pdf;Snapshot:C\:\\Users\\worc\\Zotero\\storage\\TRCCYXHL\\10.html:text/html}
}

@article{burke_environmental_2013,
	title = {Environmental and geospatial factors drive juvenile {Chinook} salmon distribution during early ocean migration},
	volume = {70},
	issn = {0706-652X},
	url = {http://www.nrcresearchpress.com/doi/abs/10.1139/cjfas-2012-0505},
	doi = {10.1139/cjfas-2012-0505},
	abstract = {Migrating animals rely on a variety of cues to guide them, but the relative importance of those signals may vary with size, life stage, or location. During their initial ocean migration, yearling Chinook salmon (Oncorhynchus tshawytcha) from the Columbia River have stock-specific spatial distributions that shift through time. We used a two-process mixture model to examine how the distribution of yearling migrants from three Chinook salmon stocks varies as a function of geospatial (e.g., latitude and distance from shore) and environmental (e.g., chlorophyll a and temperature) covariates. In this framework, one process described the probability of being inside the spatial, temporal, and environmental boundaries of the migration route, and one process described the patchy distribution of salmon abundance within that route. We found that both environmental and geospatial covariates explained substantial portions of observed spatial patterns in abundance, suggesting that these stocks responded to multiple cues..., Si les animaux en migration se fient à divers signaux pour les guider, l’importance relative de ces signaux peut varier selon leur taille, l’étape de leur cycle de vie ou l’endroit. Durant leur migration initiale vers l’océan, les saumons quinnat (Oncorhynchus tshawytcha) d’un an du fleuve Columbia présentent différentes répartitions spatiales selon le stock, qui évoluent dans le temps. Nous avons fait appel à un modèle de mélange par deux procédés pour examiner les variations de la répartition des migrants d’un an issus de trois stocks de saumons quinnat en fonction de covariables géospatiales (p. ex. latitude et distance de la côte) et du milieu (p. ex. chlorophylle a et température). Dans ce schéma, un procédé décrit la probabilité que le poisson se trouve à l’intérieur des limites spatiales, temporelles et du milieu ambiant de la route migratoire et l’autre processus décrit la distribution inégale de l’abondance des saumons le long de cette route. Nous avons constaté que des variables tant géospatiale...},
	number = {8},
	urldate = {2018-03-08},
	journal = {Canadian Journal of Fisheries and Aquatic Sciences},
	author = {Burke, Brian J. and Liermann, Martin C. and Teel, David J. and Anderson, James J.},
	month = jun,
	year = {2013},
	pages = {1167--1177},
	file = {NRC Research Press PDF fulltext:C\:\\Users\\worc\\Zotero\\storage\\Q59YSAGY\\Burke et al. - 2013 - Environmental and geospatial factors drive juvenil.pdf:application/pdf;NRC Research Press Snapshot:C\:\\Users\\worc\\Zotero\\storage\\Y8USCTDW\\cjfas-2012-0505.html:text/html}
}

@article{bracis_inferring_2013,
	title = {Inferring the {Relative} {Oceanic} {Distribution} of {Salmon} from {Patterns} in {Age}-{Specific} {Arrival} {Timing}},
	volume = {142},
	issn = {1548-8659},
	url = {http://onlinelibrary.wiley.com/doi/10.1080/00028487.2012.746240/abstract},
	doi = {10.1080/00028487.2012.746240},
	abstract = {The oceanic distribution of Columbia River spring–summer Chinook Salmon Oncorhynchus tshawytscha is essentially unknown, as they are first detected in the fishery at the mouth of the river and then at Bonneville Dam, located 235 km upstream of the river mouth. Although the composite run timing to Bonneville Dam varies interannually, earlier studies revealed that the distinct populations comprising this run are ordered in arrival time. Our analysis of returning tagged adults shows that within populations, the oldest fish (3-ocean; i.e., those that spend 3 years in the ocean) arrive first, the 2-ocean fish arrive next, and the 1-ocean fish arrive last. To explore possible mechanisms underlying this persistent age-dependent ordering of arrival time, we simulated the fish's return migration using a model based on a geomagnetic homing mechanism with age-specific swimming speeds. To reproduce the observed age-dependent differences in arrival time with the model, the 2-ocean and 3-ocean fish within a population needed to initiate migration from the same location and time, while 1-ocean fish could initiate homeward migration from a more consistent location in the northern Gulf of Alaska with some delay. Arrival timing patterns provide valuable information that can be used to infer the features of homing migrations, which in turn may be useful for managing fish harvest by integrating age information into existing management techniques and for considering potential responses to climate change.},
	language = {en},
	number = {2},
	urldate = {2018-03-08},
	journal = {Transactions of the American Fisheries Society},
	author = {Bracis, C. and Anderson, J. J.},
	month = mar,
	year = {2013},
	pages = {556--567},
	file = {Full Text PDF:C\:\\Users\\worc\\Zotero\\storage\\N8W3GNCY\\Bracis and Anderson - 2013 - Inferring the Relative Oceanic Distribution of Sal.pdf:application/pdf;Snapshot:C\:\\Users\\worc\\Zotero\\storage\\XTG5HUAP\\abstract.html:text/html}
}

@article{sharma_linkages_2012,
	title = {Linkages between life history type and migration pathways in freshwater and marine environments for {Chinook} salmon, {Oncorhynchus} tshawytscha},
	volume = {41},
	issn = {1146-609X},
	url = {http://www.sciencedirect.com/science/article/pii/S1146609X12000306},
	doi = {10.1016/j.actao.2012.03.002},
	abstract = {Chinook salmon, Oncorhynchus tshawytscha, are commonly categorized as ocean-type (migrating to the ocean in their first year of life) or stream-type (migrating after a full year in freshwater). These two forms have been hypothesized to display different ocean migration pathways; the former are hypothesized to migrate primarily on the continental shelf whereas the latter are hypothesized to migrate off the shelf to the open ocean. These differences in migration patterns have important implications for management, as fishing mortality rates are strongly influenced by ocean migration. Ocean-type Chinook salmon predominate in coastal rivers in the southern part of the species' range, whereas stream-type predominate in the interior and northerly rivers. This latitudinal gradient has confounded previous efforts to test the hypothesis regarding ocean migration pathways. To address this problem, we used a pair-wise design based on coded wire tagging data to compare the marine distributions of stream- and ocean-type Chinook salmon from a suite of rivers producing both forms. Both forms of Chinook salmon from the lower Columbia River, Oregon coast, lower Fraser River, and northern British Columbia rivers followed similar migration paths, contradicting the hypothesis. In contrast, recoveries of tagged Chinook salmon from the upper Columbia River, Snake River, and the upper Fraser River revealed migration patterns consistent with the hypothesis. These findings have important implications for our understanding of these life history types, and also for the conservation and management of declining, threatened, or endangered stream-type Chinook salmon populations in the US and Canada.},
	urldate = {2018-03-08},
	journal = {Acta Oecologica},
	author = {Sharma, Rishi and Quinn, Thomas P.},
	month = may,
	year = {2012},
	keywords = {Migration, Chinook salmon, Conservation, Evolution, Fishing, Life history},
	pages = {1--13},
	file = {ScienceDirect Snapshot:C\:\\Users\\worc\\Zotero\\storage\\R3572VSL\\S1146609X12000306.html:text/html}
}

@article{tucker_life_2011,
	title = {Life {History} and {Seasonal} {Stock}-{Specific} {Ocean} {Migration} of {Juvenile} {Chinook} {Salmon}},
	volume = {140},
	issn = {0002-8487, 1548-8659},
	url = {http://doi.wiley.com/10.1080/00028487.2011.607035},
	doi = {10.1080/00028487.2011.607035},
	language = {en},
	number = {4},
	urldate = {2018-03-08},
	journal = {Transactions of the American Fisheries Society},
	author = {Tucker, S. and Trudel, M. and Welch, D. W. and Candy, J. R. and Morris, J. F. T. and Thiess, M. E. and Wallace, C. and Beacham, T. D.},
	month = jul,
	year = {2011},
	pages = {1101--1119},
	file = {Tucker_et_al-2011-Transactions_of_the_American_Fisheries_Society.pdf:C\:\\Users\\worc\\Zotero\\storage\\RQXN5ASH\\Tucker_et_al-2011-Transactions_of_the_American_Fisheries_Society.pdf:application/pdf}
}

@article{myers_stock-specific_2007,
	title = {Stock-specific distributions of {Asian} and {North} {American} salmon in the open ocean, interannual changes, and oceanographic conditions},
	volume = {4},
	journal = {N. Pac. Anadr. Fish Comm. Bull},
	author = {Myers, Katherine W. and Klovach, Natalia V. and Gritsenko, Oleg F. and Urawa, Shigehiko and Royer, Thomas C.},
	year = {2007},
	pages = {159--177},
	file = {Stock-specific_distributions_of_Asian_and_North_Am.pdf:C\:\\Users\\worc\\Zotero\\storage\\G3S7X23R\\Stock-specific_distributions_of_Asian_and_North_Am.pdf:application/pdf}
}

@article{paulik_exploitation_1967,
	title = {Exploitation of {Multiple} {Stocks} by a {Common} {Fishery}},
	volume = {24},
	issn = {0015-296X},
	url = {http://www.nrcresearchpress.com/doi/abs/10.1139/f67-202},
	doi = {10.1139/f67-202},
	abstract = {A complete analytical solution is presented for the problem of finding the common rate of exploitation that maximizes total sustained yield from a mixture of stocks when each stock follows a Ricker reproduction curve. A computer program is described which solves this problem for up to 20 stocks varying in both reproductive potentials and absolute sizes. Some aspects of the management of Pacific salmon and fishing strategies are discussed in relation to the question of obtaining maximum yields when harvesting mixtures of stocks under various constraints., non disponible},
	number = {12},
	urldate = {2018-03-08},
	journal = {Journal of the Fisheries Research Board of Canada},
	author = {Paulik, G. J. and Hourston, A. S. and Larkin, P. A.},
	month = dec,
	year = {1967},
	pages = {2527--2537},
	file = {NRC Research Press PDF fulltext:C\:\\Users\\worc\\Zotero\\storage\\2UAYFFAB\\Paulik et al. - 1967 - Exploitation of Multiple Stocks by a Common Fisher.pdf:application/pdf;NRC Research Press Snapshot:C\:\\Users\\worc\\Zotero\\storage\\2L8CIRUF\\f67-202.html:text/html}
}

@article{su_spatial_2004,
	title = {Spatial hierarchical {Bayesian} models for stock-recruitment analysis of pink salmon ({Oncorhynchus} gorbuscha)},
	volume = {61},
	issn = {0706-652X},
	url = {http://www.nrcresearchpress.com/doi/abs/10.1139/f04-168},
	doi = {10.1139/f04-168},
	abstract = {To improve the understanding of effects of environmental factors on spawner-to-recruit survival rates of pink salmon (Oncorhynchus gorbuscha), we developed several spatial hierarchical Bayesian models (HBMs). We applied these models to 43 pink salmon stocks in the Northeast Pacific. By using a distance-based, spatially correlated prior distribution for stock-specific parameters, these multistock models explicitly allowed for positive correlation among nearby salmon stocks in their productivities and coefficients of early summer coastal sea surface temperature (SST). To our knowledge, this is the first time that such distance-based, spatial prior probability distributions for parameters have been applied to fisheries problems. We found that the spatial HBMs produce more consistent and precise estimates of effects of SST on productivity than a single-stock approach that estimated parameters for each stock separately. Similar to earlier results using mixed-effects models for the same stocks, we found signifi..., Afin de mieux comprendre les effets des facteurs du milieu sur les taux de survie reproducteurs-recrues du saumon rose (Oncorhynchus gorbuscha), nous avons mis au point plusieurs modèles spatiaux hiérarchiques bayésiens (HBMs). Nous avons appliqués ces modèles à 43 stocks de saumons roses du nord-ouest pacifique. En utilisant des distributions a priori basées sur la distance et corrélées spatialement pour les paramètres spécifiques aux stocks, ces modèles multi-stock permettent explicitement une corrélation positive entre les stocks voisins de saumons, en ce qui a trait à leurs productivités et les coefficients de température de surface de la mer (SST) sur la côte en début d'été. C'est à notre connaissance la première fois qu'une telle distribution de probabilité spatiale a priori basée sur les distances des paramètres est utilisée dans une étude sur les poissons. Les HBMs spatiaux produisent des estimations plus concordantes et plus précises des effets de SST sur la productivité qu'une méthodologie qui e...},
	number = {12},
	urldate = {2018-03-08},
	journal = {Can. J. Fish. Aquatic. Sci.},
	author = {Su, Zhenming and Peterman, Randall M and Haeseker, Steven L},
	month = dec,
	year = {2004},
	pages = {2471--2486},
	file = {NRC Research Press PDF fulltext:C\:\\Users\\worc\\Zotero\\storage\\J27L8GX9\\Su et al. - 2004 - Spatial hierarchical Bayesian models for stock-rec.pdf:application/pdf;NRC Research Press Snapshot:C\:\\Users\\worc\\Zotero\\storage\\USUP6H78\\f04-168.html:text/html}
}

@article{rivot_bayesian_2004,
	title = {A {Bayesian} state-space modelling framework for fitting a salmon stage-structured population dynamic model to multiple time series of field data},
	volume = {179},
	issn = {0304-3800},
	url = {http://www.sciencedirect.com/science/article/pii/S0304380004002728},
	doi = {10.1016/j.ecolmodel.2004.05.011},
	abstract = {The Bayesian state-space modelling framework allows us to derive inferences on stochastic stage-structured population dynamics models from multiple series of sequential observations with measurement or sampling errors. A state-space model works from the coupling of two models. The first one mimics the dynamics by conditional Markovian transitions between successive hidden states. The second model describes the observation process with random errors. Statistical inferences on states variables and parameters are easily performed via Bayesian Monte Carlo Markov chains (MCMC) methods. The flexibility of MCMC methods allows us to analyse a wide range of state-space models with non-linear relationships in the dynamic and observation equations, and non-Gaussian error structure just as well. The Bayesian paradigm is efficient for deriving quantitative diagnostics on a probability based rationale. We illustrate the value of this framework by fitting a stage-structured life cycle model for Atlantic salmon (Salmo salar) to a data set resulting from the survey of the population of the river Oir (Lower Normandy, France) between 1984 and 2001. The system dynamics includes non-linear regulation and has a probabilistic structure accommodating for both the environmental and the demographic stochasticity. The observation model consists in capture-mark-recapture experiments for the evaluation of the runs of downstream migrating juveniles (smolts) and upstream migrating spawners, and random sampling for demographic features. A full Bayesian treatment of the model is carried out by means of Gibbs sampling. Outputs of main interest consist in the joint posterior distribution of all the model parameters and state variables such as the smolt and spawner runs.},
	number = {4},
	urldate = {2018-03-08},
	journal = {Ecological Modelling},
	author = {Rivot, E. and Prévost, E. and Parent, E. and Baglinière, J. L.},
	month = dec,
	year = {2004},
	keywords = {Atlantic salmon, Bayesian, Life cycle, Markov chains Monte Carlo, Matrix model, Population dynamics, Stage-structured, State-space model},
	pages = {463--485},
	file = {ScienceDirect Full Text PDF:C\:\\Users\\worc\\Zotero\\storage\\SEXHZS2J\\Rivot et al. - 2004 - A Bayesian state-space modelling framework for fit.pdf:application/pdf;ScienceDirect Snapshot:C\:\\Users\\worc\\Zotero\\storage\\QIMUYZDG\\S0304380004002728.html:text/html}
}

@article{peterman_comparison_2000,
	title = {Comparison of parameter estimation methods for detecting climate-induced changes in productivity of {Pacific} salmon ({Oncorhynchus} spp.)},
	volume = {57},
	issn = {0706-652X},
	url = {http://www.nrcresearchpress.com/doi/abs/10.1139/f99-204},
	doi = {10.1139/f99-204},
	abstract = {Pacific salmon (Oncorhynchus spp.) populations can experience persistent changes in productivity, possibly due to climatic shifts. Management agencies need to rapidly and reliably detect such changes to avoid costly suboptimal harvests or depletion of stocks. However, given the inherent variability of salmon populations, it is difficult to detect changes quickly, let alone forecast them. We therefore compared three methods of annually updating estimates of stock-recruitment parameters: standard linear regression, Walters' bias-corrected regression, and a Kalman filter. We used Monte Carlo simulations that hypothesized a wide range of future climate-induced changes in the Ricker a parameter of a salmon stock. We then used each parameter estimation method on the simulated stock and recruitment data and set escapement targets and harvest goals accordingly. In these situations with a time-varying true Ricker a parameter, Kalman filter estimation resulted in greater mean cumulative catch than was produced by t..., La productivité des populations de saumons du Pacifique peut connaître des changements persistants qui pourraient être liés aux changements climatiques. Les organismes de gestion doivent détecter avec rapidité et fiabilité ces changements pour éviter les pertes économiques pouvant découler de récoltes sous-optimales ou de la déplétion des stocks. Cependant, vu la variabilité inhérente des populations de saumon, il est difficile de détecter rapidement les changements, et encore plus de les prévoir. Nous comparons ici trois méthodes pour la mise à jour annuelle des estimations des paramètres entrant en jeu dans la relation stock-recrutement : régression linéaire ordinaire, régression avec correction de biais de Walter, et filtre de Kalman. Nous avons utilisé des simulations de Monte-Carlo fondées sur une vaste gamme de scénarios de changements dans le paramètre a de Ricker induits par le climat dans un stock de saumon. Nous avons ensuite appliqué chaque méthode d'estimation des paramètres aux données simulé...},
	number = {1},
	urldate = {2018-03-08},
	journal = {Canadian Journal of Fisheries and Aquatic Sciences},
	author = {Peterman, Randall M and Pyper, Brian J and Grout, Jeff A},
	month = jan,
	year = {2000},
	pages = {181--191},
	file = {NRC Research Press PDF fulltext:C\:\\Users\\worc\\Zotero\\storage\\N2L76IZS\\Peterman et al. - 2000 - Comparison of parameter estimation methods for det.pdf:application/pdf;NRC Research Press Snapshot:C\:\\Users\\worc\\Zotero\\storage\\4XFRUYRY\\f99-204.html:text/html}
}

@article{michielsens_bayesian_2006,
	title = {A {Bayesian} statespace markrecapture model to estimate exploitation rates in mixed-stock fisheries},
	volume = {63},
	issn = {0706-652X},
	url = {http://www.nrcresearchpress.com/doi/abs/10.1139/f05-215},
	doi = {10.1139/f05-215},
	abstract = {A Bayesian statespace markrecapture model is developed to estimate the exploitation rates of fish stocks caught in mixed-stock fisheries. Expert knowledge and published results on biological parameters, reporting rates of tags and other key parameters, are incorporated into the markrecapture analysis through elaborations in model structure and the use of informative prior probability distributions for model parameters. Information on related stocks is incorporated through the use of hierarchical structures and parameters that represent differences between the stock in question and related stocks. Fishing mortality rates are modelled using fishing effort data as covariates. A statespace formulation is adopted to account for uncertainties in system dynamics and the observation process. The methodology is applied to wild Atlantic salmon (Salmo salar) stocks from rivers located in the northeastern Baltic Sea that are exploited by a sequence of mixed- and single-stock fisheries. Estimated fishing mortality..., Nous élaborons un modèle bayésien de marquagerecapture de type étatespace pour estimer le taux d'exploitation des stocks de poissons capturés dans des pêches commerciales qui récoltent des stocks mixtes. Nous incorporons les connaissances des spécialistes et les données publiées sur les paramètres biologiques, les taux de signalisation des étiquettes et d'autres variables essentielles dans l'analyse de marquagerecapture par des modifications de la structure du modèle et l'utilisation de distributions de probabilité a priori informatives pour les paramètres du modèle. Des renseignements sur les stocks apparentés sont incorporés grâce à l'utilisation de structures hiérarchiques et de paramètres qui représentent les différences entre le stock étudié et les stocks apparentés. Les taux de mortalité due à la pêche sont modélisés par l'utilisation des données d'efforts de pêche comme covariables. Nous adoptons une formulation étatespace afin de tenir compte des incertitudes dans la dynamique du système et du...},
	number = {2},
	urldate = {2018-03-08},
	journal = {Canadian Journal of Fisheries and Aquatic Sciences},
	author = {Michielsens, Catherine G.J and McAllister, Murdoch K and Kuikka, Sakari and Pakarinen, Tapani and Karlsson, Lars and Romakkaniemi, Atso and Perä, Ingemar and Mäntyniemi, Samu},
	month = feb,
	year = {2006},
	pages = {321--334},
	file = {NRC Research Press PDF fulltext:C\:\\Users\\worc\\Zotero\\storage\\29YQLYS5\\Michielsens et al. - 2006 - A Bayesian statespace markrecapture model to est.pdf:application/pdf;NRC Research Press Snapshot:C\:\\Users\\worc\\Zotero\\storage\\E29ZP5BH\\f05-215.html:text/html}
}

@article{savereide_age-structured_2004,
	title = {An age-structured assessment model for chinook salmon ({Oncorhynchus} tshawytscha)},
	volume = {61},
	issn = {0706-652X},
	url = {http://www.nrcresearchpress.com/doi/abs/10.1139/f04-039},
	doi = {10.1139/f04-039},
	abstract = {Age-structured assessment models are rarely used for estimating the abundance of exploited salmon stocks. We developed such a model for a chinook salmon (Oncorhynchus tshawytscha) population in the Copper River, Alaska. Information consisted of catch-age data from three fisheries (commercial, recreational, and subsistence) and two sources of auxiliary data (escapement index and spawnerrecruit relationship). Model parameters included brood-year returns, proportions of a brood year returning at age and year, annual exploitation rates, gear selectivity, spawnerrecruit parameters, and a calibration parameter for the escapement index. Results suggested that population parameter estimates with high precision and low bias were produced by an approach that considered measurement error in the pooled catch-age data from all three fisheries and brood-year return proportions that varied over time. A sensitivity analysis revealed that brood-year return, catch, and escapement index estimates were insensitive to large..., Les modèles d'évaluation avec structure d'âge servent rarement à l'estimation de l'abondance des stocks exploités de saumons. Nous avons mis au point un tel modèle pour les saumons quinnat (Oncorhynchus tshawytscha) de la rivière Copper, Alaska. Les informations de base comprennent des données de capture en fonction de l'âge de trois types de pêche (pêches commerciale et sportive et pêche de subsistance) et des données de sources complémentaires (indices d'échappement et relations reproducteursrecrues). Les variables du modèle comprennent les retours par année de reproduction, les proportions de chaque cohorte reproductrice dans les retours en fonction de l'âge et de l'année, les taux annuels d'exploitation, la sélectivité des engins de pêche, les paramètres de la relation reproducteursrecrues et un paramètre de calibration de l'indice d'échappement. Les résultats indiquent que les estimations des paramètres démographiques sont de haute précision et que l'erreur est faible par notre approche qui tient c...},
	number = {6},
	urldate = {2018-03-08},
	journal = {Canadian Journal of Fisheries and Aquatic Sciences},
	author = {Savereide, James W and Quinn II, Terrance J},
	month = jun,
	year = {2004},
	pages = {974--985},
	file = {NRC Research Press PDF fulltext:C\:\\Users\\worc\\Zotero\\storage\\Y6WS8DAW\\Savereide and Quinn II - 2004 - An age-structured assessment model for chinook sal.pdf:application/pdf;NRC Research Press Snapshot:C\:\\Users\\worc\\Zotero\\storage\\YIERCHGP\\f04-039.html:text/html}
}

@article{ives_bio-economic_2013,
	title = {A bio-economic management strategy evaluation for a multi-species, multi-fleet fishery facing a world of uncertainty},
	volume = {256},
	issn = {0304-3800},
	url = {http://www.sciencedirect.com/science/article/pii/S0304380013000513},
	doi = {10.1016/j.ecolmodel.2013.01.022},
	abstract = {A bio-economic analysis was conducted for two fisheries using a multi-species size-based meta-population model built using the BIOMAS modelling system. The model was built to represent the prawn fisheries of northern New South Wales, Australia and calibrated against 26 years of catch and effort data from this region. A number of alternative management strategies, including the use of more size selective gear and a cap on total effort, were evaluated for their impact on the sustainability of the fish stocks and the profitability of the fleets as well as their robustness to future biological, climatic and economic uncertainties. Although the differences in management strategies were blurred by the uncertainty incorporated into the model there were still some very interesting high-level insights to be gained from the analysis. The modelled prawn species appear to be much more robust to changes in management strategies and product prices than the fleet profits, suggesting the stocks are less vulnerability to such uncertainties than the fleets that harvest them. We also found larger differences in profitability from changes in product prices than from changes in management strategies, indicating that strategies to protect product prices may be of more importance to the profitability of the fisheries than changes to fishing gear or effort levels. Such results highlight the complexity of multi-species, multi-fleet fisheries and the importance of including all relevant species and fisheries in any management strategy evaluations. This complexity can however sometimes mask simple economic truths, such as the need for strategies to maintain the market price of locally caught seafood products under the increasing pressures of international competition.},
	urldate = {2018-03-08},
	journal = {Ecological Modelling},
	author = {Ives, M. C. and Scandol, J. P. and Greenville, J.},
	month = may,
	year = {2013},
	keywords = {Bio-economic modelling, BIOMAS, Fisheries management, Management strategy evaluation, Population dynamics modelling, Prawns},
	pages = {69--84},
	file = {ScienceDirect Full Text PDF:C\:\\Users\\worc\\Zotero\\storage\\JECANJWL\\Ives et al. - 2013 - A bio-economic management strategy evaluation for .pdf:application/pdf;ScienceDirect Snapshot:C\:\\Users\\worc\\Zotero\\storage\\GY49RVMX\\S0304380013000513.html:text/html}
}

@article{hilborn_defining_2007,
	title = {Defining success in fisheries and conflicts in objectives},
	volume = {31},
	issn = {0308-597X},
	url = {http://www.sciencedirect.com/science/article/pii/S0308597X06000613},
	doi = {10.1016/j.marpol.2006.05.014},
	abstract = {The traditional fisheries management objectives of maximizing yield and employment lead to heavily exploited stocks. Many current high-profile disputes arise from conflicting objectives, and the proposed solutions to “the fisheries problem” are primarily particular stakeholders’ efforts to have managers implement their own objectives. I suggest many “failures” are in fact successes for other objectives. Fisheries objectives, as reflected in management actions, are changing. Two current trends are the acceptance of objectives that value less disturbed ecosystems and acceptance of fisheries allocation through dedicated access to improve the fisheries’ economic efficiency. I suggest that increased use of dedicated access will result in more congruent objectives and less conflict.},
	number = {2},
	urldate = {2018-03-08},
	journal = {Marine Policy},
	author = {Hilborn, Ray},
	month = mar,
	year = {2007},
	keywords = {Dedicated access, Ecosystem management, Fisheries objectives},
	pages = {153--158},
	file = {ScienceDirect Snapshot:C\:\\Users\\worc\\Zotero\\storage\\AT45XTRJ\\S0308597X06000613.html:text/html}
}

@article{moore_synchronization_2010,
	title = {Synchronization and portfolio performance of threatened salmon},
	volume = {3},
	issn = {1755-263X},
	url = {http://onlinelibrary.wiley.com/doi/10.1111/j.1755-263X.2010.00119.x/full},
	doi = {10.1111/j.1755-263X.2010.00119.x},
	abstract = {Interpopulation variation in dynamics can buffer species against environmental change. We compared population synchrony in a group of threatened Chinook salmon in the highly impacted Snake River basin...},
	language = {en},
	number = {5},
	urldate = {2018-03-08},
	journal = {Conservation Letters},
	author = {Moore, Jonathan W. and McClure, Michelle and Rogers, Lauren A. and Schindler, Daniel E.},
	month = sep,
	year = {2010},
	pages = {340--348},
	file = {Full Text PDF:C\:\\Users\\worc\\Zotero\\storage\\9RJXX3NK\\Moore et al. - 2010 - Synchronization and portfolio performance of threa.pdf:application/pdf;Snapshot:C\:\\Users\\worc\\Zotero\\storage\\GA6U9B6S\\full.html:text/html}
}

@article{zuur_dynamic_2003,
	title = {Dynamic factor analysis to estimate common trends in fisheries time series},
	volume = {60},
	issn = {0706-652X, 1205-7533},
	url = {http://www.nrcresearchpress.com/doi/10.1139/f03-030},
	doi = {10.1139/f03-030},
	language = {en},
	number = {5},
	urldate = {2018-02-15},
	journal = {Canadian Journal of Fisheries and Aquatic Sciences},
	author = {Zuur, A F and Tuck, I D and Bailey, N},
	month = may,
	year = {2003},
	pages = {542--552},
	file = {f03-030.pdf:C\:\\Users\\worc\\Zotero\\storage\\F83UDBU5\\f03-030.pdf:application/pdf}
}

@article{dorner_spatial_2017,
	title = {Spatial and temporal patterns of covariation in productivity of {Chinook} salmon populations of the {Northeastern} {Pacific}},
	issn = {0706-652X},
	url = {http://www.nrcresearchpress.com/doi/abs/10.1139/cjfas-2017-0197},
	doi = {10.1139/cjfas-2017-0197},
	abstract = {We expand on previous analyses of environmental factors related to productivity of Chinook salmon (Oncorhynchus tshawytscha) populations by analysing data on adult recruits per spawner from 24 wild (not hatchery) Chinook salmon stocks from Oregon through western Alaska. To determine the degree to which changes in productivity are shared and to help identify environmental variables that might be related to those changes, we estimated the magnitude and spatial characteristics of positive correlations in productivity trends among stocks separated by various distances. We used Dynamic Factor Analysis to characterize shared time trends in productivity and found that these trends were most closely associated with the North Pacific Gyre Oscillation (NPGO) and, to a lesser extent, with the location of the bifurcation in the North Pacific Current as it reaches North America's west coast. Chinook productivity patterns of separate populations have also become more synchronous in recent years, similar to results repo...},
	urldate = {2018-02-06},
	journal = {Canadian Journal of Fisheries and Aquatic Sciences},
	author = {Dorner, Brigitte and Catalano, Matthew J. and Peterman, Randall M},
	month = sep,
	year = {2017},
	file = {NRC Research Press PDF fulltext:C\:\\Users\\worc\\Zotero\\storage\\X5GFDZZY\\Dorner et al. - 2017 - Spatial and temporal patterns of covariation in pr.pdf:application/pdf;NRC Research Press Snapshot:C\:\\Users\\worc\\Zotero\\storage\\QV7DW6NW\\cjfas-2017-0197.html:text/html}
}

@article{ruff_salish_2017,
	title = {Salish {Sea} {Chinook} salmon exhibit weaker coherence in early marine survival trends than coastal populations},
	volume = {26},
	issn = {10546006},
	url = {http://doi.wiley.com/10.1111/fog.12222},
	doi = {10.1111/fog.12222},
	language = {en},
	number = {6},
	urldate = {2018-02-06},
	journal = {Fisheries Oceanography},
	author = {Ruff, Casey P. and Anderson, Joseph H. and Kemp, Iris M. and Kendall, Neala W. and Mchugh, Peter A. and Velez-Espino, Antonio and Greene, Correigh M. and Trudel, Marc and Holt, Carrie A. and Ryding, Kristen E. and Rawson, Kit},
	month = nov,
	year = {2017},
	pages = {625--637},
	file = {Ruff et al. Spatial and temporal patterns of Chinook early marine survival (v2017.01.pdf:C\:\\Users\\worc\\Zotero\\storage\\HXH6ZMCE\\Ruff et al. Spatial and temporal patterns of Chinook early marine survival (v2017.01.pdf:application/pdf}
}

@article{peterman_use_2003,
	title = {Use of the {Kalman} filter to reconstruct historical trends in productivity of {Bristol} {Bay} sockeye salmon ({Oncorhynchus} nerka)},
	volume = {60},
	issn = {0706-652X},
	url = {http://www.nrcresearchpress.com/doi/abs/10.1139/f03-069},
	doi = {10.1139/f03-069},
	abstract = {Fisheries scientists and managers are concerned about potential long-term, persistent changes in productivity of fish stocks that might result from future climatic changes or other alterations in aquatic systems. However, because of large natural variability and measurement error in fisheries data, such changes are usually difficult to detect until long after they occur. Previous research using numerous Monte Carlo simulation trials showed that a Kalman filter performed better than standard estimation techniques in detecting such trends in a timely manner. Therefore, we used historical data along with a Kalman filter that included a time-varying Ricker a parameter to reconstruct changes in productivity (recruits per spawner at a given spawner abundance) of eight Bristol Bay, Alaska, sockeye salmon (Oncorhynchus nerka) stocks over the past 40 years. Productivity generally increased for most stocks but varied widely for others and dramatically decreased in another. Such large changes in productivity are imp..., Les biologistes et les gestionnaires des pêches se préoccupent des changements potentiels permanents et à long terme dans la productivité des stocks de poissons qui peuvent résulter des changements climatiques futurs ou d'autres modifications des systèmes aquatiques. Cependant, à cause de la forte variabilité naturelle et des erreurs de mesure dans les données sur les pêches, de tels changements sont difficiles à déceler et souvent ne le sont que longtemps après leur apparition. Des travaux antérieurs qui ont utilisé de nombreux essais de simulations de Monte Carlo ont montré qu'un filtre de Kalman permettait de reconnaître ces changements plus efficacement et dans un intervalle de temps plus court que les méthodes habituelles d'estimation. Nous utilisons donc des données du passé avec un filtre de Kalman qui comprend un paramètre a de Ricker variable dans le temps pour représenter les changements dans la productivité (nombre de recrues par reproducteur à une abondance donnée de reproducteurs) de huit sto...},
	number = {7},
	urldate = {2018-02-06},
	journal = {Canadian Journal of Fisheries and Aquatic Sciences},
	author = {Peterman, Randall M and Pyper, Brian J and MacGregor, Brice W},
	month = jul,
	year = {2003},
	pages = {809--824},
	file = {NRC Research Press PDF fulltext:C\:\\Users\\worc\\Zotero\\storage\\KLZL33QR\\Peterman et al. - 2003 - Use of the Kalman filter to reconstruct historical.pdf:application/pdf;NRC Research Press Snapshot:C\:\\Users\\worc\\Zotero\\storage\\G67HIFVI\\f03-069.html:text/html}
}

@book{r_development_core_team_r:_2008,
	address = {Vienna, Austria},
	title = {R: {A} {Language} and {Environment} for {Statistical} {Computing}},
	url = {http://www.R-project.org},
	publisher = {R Foundation for Statistical Computing},
	author = {{R Development Core Team}},
	year = {2008},
	note = {ISBN 3-900051-07-0}
}

@book{groot_pacific_1991,
	title = {Pacific salmon life histories},
	publisher = {UBC Press},
	author = {Groot, Cornelis and Margolis, Leo},
	year = {1991}
}

@article{britten_changing_2016,
	title = {Changing recruitment capacity in global fish stocks},
	volume = {113},
	issn = {0027-8424, 1091-6490},
	url = {http://www.pnas.org/lookup/doi/10.1073/pnas.1504709112},
	doi = {10.1073/pnas.1504709112},
	language = {en},
	number = {1},
	urldate = {2018-06-04},
	journal = {Proceedings of the National Academy of Sciences},
	author = {Britten, Gregory L. and Dowd, Michael and Worm, Boris},
	month = jan,
	year = {2016},
	pages = {134--139},
	file = {Britten et al. - 2016 - Changing recruitment capacity in global fish stock.pdf:C\:\\Users\\worc\\Zotero\\storage\\PSFMSB2C\\Britten et al. - 2016 - Changing recruitment capacity in global fish stock.pdf:application/pdf;Britten et al. - 2016 - Changing recruitment capacity in global fish stock.pdf:C\:\\Users\\worc\\Zotero\\storage\\JNE7UZN2\\Britten et al. - 2016 - Changing recruitment capacity in global fish stock.pdf:application/pdf}
}

@article{fleischman_age-structured_2013,
	title = {An age-structured state-space stock-recruit model for {Pacific} salmon (\textit{{Oncorhynchus}} spp.)},
	volume = {70},
	issn = {0706-652X, 1205-7533},
	url = {http://www.nrcresearchpress.com/doi/10.1139/cjfas-2012-0112},
	doi = {10.1139/cjfas-2012-0112},
	abstract = {We describe an age-structured state-space model for stock–recruit analysis of Paciﬁc salmon data. The model allows for incorporation of process variation in stock productivity, recruitment, and maturation schedules, as well as observation error in run abundance, harvest, and age composition. Explicit consideration of age structure allows for realistic depiction of system dynamics and sample design, more complete use of recent data, and forecasts that consider sibling relationships. A Bayesian framework is adopted, implemented with Markov chain Monte Carlo methods, which provides an enhanced ability to incorporate auxiliary information, convenient and rigorous consideration of measurement error and missing data, and a more complete assessment of uncertainty. We ﬁt the model to annual upstream weir counts, commercial and recreational harvest estimates, and age composition data from Chinook salmon (Oncorhynchus tshawytscha) in Karluk River, Alaska. For the case study, the model is conﬁgured with a Ricker stock–recruit relationship, autoregressive lag-1 productivity, and Dirichlet age-at-maturity. Details of alternate conﬁgurations are also described. We introduce the optimal yield probability proﬁle as an objective tool for informing the selection of escapement goals based on yield considerations and describe alternative versions useful for addressing other management questions.},
	language = {en},
	number = {3},
	urldate = {2018-06-05},
	journal = {Can. J. Fish. Aquatic. Sci.},
	author = {Fleischman, Steven J. and Catalano, Matthew J. and Clark, Robert A. and Bernard, David R.},
	editor = {Chen, Yong},
	month = mar,
	year = {2013},
	pages = {401--414},
	file = {Fleischman et al. - 2013 - An age-structured state-space stock–recruit model .pdf:C\:\\Users\\worc\\Zotero\\storage\\M7HX2455\\Fleischman et al. - 2013 - An age-structured state-space stock–recruit model .pdf:application/pdf}
}

@article{millar_bayesian_2000,
	title = {Bayesian state-space modeling of age-structured data: fitting a model is just the beginning},
	volume = {57},
	abstract = {Explicit modeling of process variability in the dynamics of fisheries is motivated by a desire to incorporate more realism into stock assessment models, and much recent research effort has been devoted to the computational features of fitting state–space models for this purpose. Here, we extend the Bayesian application of nonlinear state–space modeling to sequential population analysis of age-structured data using a model formulation that allows for unreported catches and incidental fishing mortality. It is shown that, once a familiarity with the general-purpose Bayesian software BUGS is acquired, implementing a state–space model is a relatively simple task. Indeed, this application requires just 18 lines of code in its entirety and does not require the programmer to know the formulae for any prior density functions or likelihoods. Consequently, we suggest that this methodology may permit the implementation phase of nonlinear state–space modeling to be relegated, thereby allowing more effort to be devoted to the challenging issues of model checking, selection/averaging, sensitivity, and prior specification.},
	language = {en},
	journal = {. p},
	author = {Millar, Russell B and Meyer, Renate},
	year = {2000},
	pages = {11},
	file = {Millar and Meyer - 2000 - Bayesian state-space modeling of age-structured da.pdf:C\:\\Users\\worc\\Zotero\\storage\\Z3ILFKE7\\Millar and Meyer - 2000 - Bayesian state-space modeling of age-structured da.pdf:application/pdf}
}

@article{kristensen_tmb:_2016,
	title = {{TMB}: {Automatic} {Differentiation} and {Laplace} {Approximation}},
	volume = {70},
	doi = {10.18637/jss.v070.i05},
	number = {5},
	journal = {J. Stat. Softw.},
	author = {Kristensen, Kasper and Nielsen, Anders and Berg, Casper W. and Skaug, Hans and Bell, Bradley M.},
	year = {2016},
	pages = {1--21}
}

@article{thygesen_validation_2017,
	title = {Validation of ecological state space models using the {Laplace} approximation},
	doi = {10.1007/s10651-017-0372-4},
	journal = {Environmental and Ecological Statistics},
	author = {Thygesen, Uffe H. and Albertsen, Christoffer M. and Berg, Casper W. and Kristensen, Kasper and Nielsen, Anders},
	year = {2017},
	pages = {1--23}
}

@misc{davis_prior_2018,
	title = {Prior {Distributions} for {Variance} {Parameters} in {Bayesian} {Ricker} {Models}},
	howpublished  = {{DFO memo - available from the author}},
	publisher = {DFO memo - available from the author},
	author = {Davis, Brooke},
	year = {2018}
}

@article{shelton_using_nodate,
	title = {Using hierarchical models to estimate stock-specific and seasonal variation in ocean distribution, survivorship, and aggregate abundance of fall run {Chinook} salmon.},
	language = {en},
	author = {Shelton, Andrew Olaf and Satterthwaite, William H and Ward, Eric J and Feist, Blake E and Burke, Brian},
	pages = {49},
	file = {Shelton et al. - Using hierarchical models to estimate stock-specif.pdf:C\:\\Users\\worc\\Zotero\\storage\\SIUGUXMF\\Shelton et al. - Using hierarchical models to estimate stock-specif.pdf:application/pdf}
}

@article{sands_user_2012,
	title = {A {User} ’s {Guide} to the {VRAP} {Model} - {Viability} and {Risk} {Assessment} {Pr} ocedur e},
	language = {en},
	author = {Sands, Norma Jean},
	year = {2012},
	pages = {17},
	file = {Sands - 2012 - A User ’s Guide to the VRAP Model - Viability and .pdf:C\:\\Users\\worc\\Zotero\\storage\\J63WKX96\\Sands - 2012 - A User ’s Guide to the VRAP Model - Viability and .pdf:application/pdf}
}